@Conference{TEEzz,
  author = "M. Busch and M. Payer and Aravind Machiry and C. Kruegel and G. Vigna and C. Spensky",
  title = "TEEzz - Fuzzing Trusted Applications on COTS Android Devices.",
  year = "2023"
}
